@inproceedings{vanjacobson,
  author = {Van Jacobson},
  title = {Congestion Avoidance and Control},
  booktitle = {Symposium Proceedings on Communications Architectures and Protocols},
  series = {SIGCOMM'88},
  location = {Stanford, CA},
  pages={314--329},
  doi = {10.1145/52324.52356},
  year = {1988},
}

@InProceedings{rbs,
  author = {Elson, Jeremy and Girod, Lewis and Estrin, Deborah},
  title = {Fine-grained Network Time Synchronization Using Reference Broadcasts},
  booktitle = {Proceedings of the 5th Symposium on Operating Systems Design and Implementation},
  series = {OSDI'02},
  year = {2002}
}

@InProceedings{trickle,
  author = {Philip Levis and Neil Patel and David Culler and Scott Shenker},
  title = {Trickle: A Self-Regulating Algorithm for Code Propagation and Maintenance in Wireless Sensor Networks},
  booktitle = {Proceedings of the 1st Conference on Symposium on Networked Systems Design and Implementation - Volume 1},
  series = {NSDI'04},
  year = {2004},
}

@InProceedings{ctp-sensys09,
    author = {Omprakash Gnawali and Rodrigo Fonseca and Kyle Jamieson and David Moss and Philip Levis},
    title = {Collection Tree Protocol},
    year = {2009},
    booktitle = {Proceedings of the 7th ACM Conference on Embedded Networked Sensor Systems},
    series = {SenSys'09}
}

@inproceedings{vasisht2017farmbeats,
  title={FarmBeats: An IoT Platform for Data-Driven Agriculture},
  author={Vasisht, Deepak and Kapetanovic, Zerina and Won, Jongho and Jin, Xinxin and Chandra, Ranveer and Sinha, Sudipta N and Kapoor, Ashish and Sudarshan, Madhusudhan and Stratman, Sean},
  booktitle = {14th {USENIX} Symposium on Networked Systems Design and Implementation},
  series = {NSDI'17},
  pages={515--529},
  year={2017}
}

@Article{lorabs-imwut17,
  author = {Talla, Vamsi and Hessar, Mehrdad and Kellogg, Bryce and Najafi, Ali and Smith, Joshua R. and Gollakota, Shyamnath},
  title = {{LoRa} Backscatter: Enabling the Vision of Ubiquitous Connectivity},
  journal = {Proceedings of the ACM on Interactive, Mobile, Wearable and Ubiquitous Technologies},
  volume = 1,
  number = 3,
  month = sep,
  year = 2017
}

@InProceedings{plora-sigcomm18,
  author = {Peng, Yao and Shangguan, Longfei and Hu, Yue and Qian, Yujie and Lin, Xianshang and Chen, Xiaojiang and Fang, Dingyi and Jamieson, Kyle},
  title = {{PLoRa}},
  booktitle = {Proceedings of the 2018 Conference of the ACM Special Interest Group on Data Communication},
  series = {SIGCOMM'18},
  year = 2018
}

@Article{limits-ieeecomms17,
  author = {Adelantado, Ferran and Vilajosana, Xavier and Tuset-Peiro, Pere, and Martinez, Borja and Melia-Segui, Joan and Watteyne, Thomas},
  title = {Understanding the Limits of {LoRaWAN}},
  journal = {IEEE Communications Magazine},
  year = {2017},
  volume = {55},
  number = {9},
  pages = {34-40},
}

@article{hata1980empirical,
  title={Empirical Formula for Propagation Loss in Land Mobile Radio Services},
  author={Hata, Masaharu},
  journal={IEEE transactions on Vehicular Technology},
  volume={29},
  number={3},
  pages={317--325},
  year={1980},
  publisher={IEEE}
}

@misc{machineq,
  title={Improving How the World Operates by Bridging the Physical and Digital Worlds - MachineQ},
  author={MachineQ},
  year={2019},
  howpublished={\url{https://machineq.com/}}
}

@misc{thethingsnetwork,
  title={The Things Network},
  author={The Things Industries},
  year={2019},
  howpublished={\url{https://www.thethingsnetwork.org/}}
}

@misc{sigfox-operators,
  title={Sigfox Operators},
  author={Sigfox},
  year={2019},
  howpublished={\url{https://partners.sigfox.com/companies/sigfox-operator}}
}

@misc{bigbelly-nyc,
  title={New York City's Times Square Efficiently Manages 26,056 Gallons of Waste and Recycling Each Day with Bigbelly},
  author={{Bigbelly, Inc.}},
  year={2019},
  howpublished={\url{http://info.bigbelly.com/case-study/times-square-new-york-city}}
}


@article{ieee802154,
  title={{IEEE} Std 802.15.4-2015},
  author={{IEEE}},
  year={2017},
}

@misc{zigbee2006,
  title={Zigbee-2006 specification},
  author={{ZigBee Alliance}},
  howpublished={\url{http://www.zigbee.org/}},
  year={2006}
}

@misc{thread2017,
  title={Thread Specification 1.1.1},
  author={{Thread Group}},
  year={2017}
}

@article{bluetooth42spec,
  title={Bluetooth Core Specification 4.2},
  author={Bluetooth, SIG},
  year={2014}
}

@inproceedings{hu2015laissez,
  title={Laissez-Faire: Fully Asymmetric Backscatter Communication},
  author={Hu, Pan and Zhang, Pengyu and Ganesan, Deepak},
  booktitle={SIGCOMM},
  year={2015}
}

@misc{esp32,
  title={{ESP32} Datasheet},
  author={{Espressif Systems}},
  year={2018}
}

@misc{sx1276,
  title={SX1276/77/78/79 Datasheet},
  author={Semtech},
  year={2016}
}

@misc{ata8520e,
  title={ATA8520E Datasheet},
  author={Atmel},
  year={2016}
}

@misc{sim800h,
  title={{SIM800H} Hardware Design},
  author={{SIMCom}},
  year={2013}
}

@misc{sara-r4-n4,
  title={{SARA-R4/N4} Series Datasheet},
  author={ublox},
  year={2019}
}

@inbook{cost231,
  title = {COST Action 231: Digital Mobile Radio Towards Future Generation System, Final Report},
  author = {Mogensen, Preben E. and Wigard, Jeroen},
  chapter = {5.2 On Antenna and Frequency Diversity in GSM; 5.3 Capacity Study of a Frequency Hopping GSM Network},
  year = {1999},
  pages = {210--231},
}

@inproceedings{kazandjieva2010experiences,
  title={Experiences in Measuring a Human Contact Network for Epidemiology Research},
  author={Kazandjieva, Maria A. and Lee, Jung Woo and Salath{\'e}, Marcel and Feldman, Marcus W. and Jones, James H. and Levis, Philip},
  booktitle={Proceedings of the 6th Workshop on Hot Topics in Embedded Networked Sensors},
  pages={7},
  year={2010},
  organization={ACM}
}

@article{liu2013does,
  title={Does Wireless Sensor Network Scale? A Measurement Study on GreenOrbs},
  author={Liu, Yunhao and He, Yuan and Li, Mo and Wang, Jiliang and Liu, Kebin and Li, Xiangyang},
  journal={IEEE Transactions on Parallel and Distributed Systems},
  volume={24},
  number={10},
  pages={1983--1993},
  year={2013},
  publisher={IEEE}
}

@inproceedings{chipara2010reliable,
  title={Reliable Clinical Monitoring Using Wireless Sensor Networks: Experiences in a Step-down Hospital Unit},
  author={Chipara, Octav and Lu, Chenyang and Bailey, Thomas C. and Roman, Gruia-Catalin},
  booktitle={Proceedings of the 8th ACM Conference on Embedded Networked Sensor Systems},
  pages={155--168},
  year={2010},
  organization={ACM}
}

@inproceedings{tolle2005macroscope,
  title={A Macroscope in the Redwoods},
  author={Tolle, Gilman and Polastre, Joseph and Szewczyk, Robert and Culler, David and Turner, Neil and Tu, Kevin and Burgess, Stephen and Dawson, Todd and Buonadonna, Phil and Gay, David and others},
  booktitle={Proceedings of the 3rd International Conference on Embedded Networked Sensor Systems},
  pages={51--63},
  year={2005},
  organization={ACM}
}

@inproceedings{mainwaring2002wireless,
  title={Wireless Sensor Networks for Habitat Monitoring},
  author={Mainwaring, Alan and Culler, David and Polastre, Joseph and Szewczyk, Robert and Anderson, John},
  booktitle={Proceedings of the 1st ACM international workshop on Wireless sensor networks and applications},
  pages={88--97},
  year={2002},
  organization={Acm}
}

@inproceedings{werner2006fidelity,
  title={Fidelity and Yield in a Volcano Monitoring Sensor Network},
  author={Werner-Allen, Geoff and Lorincz, Konrad and Johnson, Jeff and Lees, Jonathan and Welsh, Matt},
  booktitle={Proceedings of the 7th Symposium on Operating Systems Design and Implementation},
  pages={381--396},
  year={2006},
  organization={USENIX Association}
}

@article{weiser1993issues,
 author = {Weiser, Mark},
 title = {Some Computer Science Issues in Ubiquitous Computing},
 journal = {Commun. ACM},
 issue_date = {July 1993},
 year = {1993},
 month = {7},
 volume = {36},
 number = {7},
 pages = {75--84},
}

@inproceedings{zhang2004zebra,
 author = {Zhang, Pei and Sadler, Christopher M. and Lyon, Stephen A. and Martonosi, Margaret},
 title = {Hardware Design Experiences in ZebraNet},
 booktitle = {Proceedings of the 2nd International Conference on Embedded Networked Sensor Systems},
 year = {2004},
 pages = {227--238},
}

@INPROCEEDINGS{mao2012citysee,
    author={Mao, Xufei and Miao, Xin and He, Yuan and Li, Xiang-Yang and Liu, Yunhao},
    booktitle={IEEE International Conference on Computer Communications},
    series={INFOCOM'12},
    title={CitySee: Urban CO$_2$ Monitoring with Sensors},
    year={2012},
    pages={1611-1619},
}

@inproceedings{mo2009canopy,
 author = {Mo, Lufeng and He, Yuan and Liu, Yunhao and Zhao, Jizhong and Tang, Shao-Jie and Li, Xiang-Yang and Dai, Guojun},
 title = {Canopy Closure Estimates with GreenOrbs: Sustainable Sensing in the Forest},
 booktitle = {Proceedings of the 7th ACM Conference on Embedded Networked Sensor Systems},
 series = {SenSys '09},
 year = {2009},
 pages = {99--112},
}

@inproceedings{latre2005maximum,
  title={Maximum Throughput and Minimum Delay in IEEE 802.15.4},
  author={Latr{\'e}, Beno{\^\i}t and De Mil, Pieter and Moerman, Ingrid and Van Dierdonck, Niek and Dhoedt, Bart and Demeester, Piet},
  booktitle={International Conference on Mobile Ad-Hoc and Sensor Networks},
  pages={866--876},
  year={2005},
  organization={Springer}
}

@misc{sigfoxReceptions,
  title={Number of Orthogonal Sigfox Channels},
  author={Sigfox},
  year={2017},
  howpublished={\url{https://ask.sigfox.com/questions/3194/number-of-orthogonal-sigfox-channels.html}}
}

@misc{longfeipersonal,
    title={Personal Communication},
    author = {Zheng, Xiaolong},
    year = {2018},
    month = {July},
}

@article{talla2017lora,
  title = {LoRa Backscatter: Enabling The Vision of Ubiquitous Connectivity},
  author={Talla, Vamsi and Hessar, Mehrdad and Kellogg, Bryce and Najafi, Ali and Smith, Joshua R and Gollakota, Shyamnath},
  journal={Proceedings of the ACM on Interactive, Mobile, Wearable and Ubiquitous Technologies},
  year={2017},
  volume = {1},
  number = {3},
  month = {9},
  issn = {2474-9567},
  pages = {105:1--105:24},
  articleno = {105},
  numpages = {24},
  url = {http://doi.acm.org/10.1145/3130970},
  doi = {10.1145/3130970},
  acmid = {3130970},
  publisher = {ACM},
  address = {New York, NY, USA},
}

@inproceedings{varshney2017lorea,
  title={Lorea: A Backscatter Architecture that Achieves a Long Communication Range},
  author={Varshney, Ambuj and Harms, Oliver and P{\'e}rez-Penichet, Carlos and Rohner, Christian and Hermans, Frederik and Voigt, Thiemo},
  booktitle={Proceedings of the 15th ACM Conference on Embedded Network Sensor Systems},
  pages={18},
  year={2017},
  organization={ACM}
}

@inproceedings{peng2018plora,
  title={PLoRa: A Passive Long-range Data Network from Ambient LoRa Transmissions},
  author={Peng, Yao and Shangguan, Longfei and Hu, Yue and Qian, Yujie and Lin, Xianshang and Chen, Xiaojiang and Fang, Dingyi and Jamieson, Kyle},
  booktitle={Proceedings of the 2018 Conference of the ACM Special Interest Group on Data Communication},
  pages={147--160},
  year={2018},
  organization={ACM}
}

@inproceedings{hessar2018netscatter,
  title={Netscatter: Enabling Large-scale Backscatter Networks},
  author={Hessar, Mehrdad and Najafi, Ali and Gollakota, Shyamnath},
  booktitle = {Proceedings of the 16th USENIX Conference on Networked Systems Design and Implementation},
  series = {NSDI'19},
  year = {2019},
  isbn = {978-1-931971-49-2},
  location = {Boston, MA, USA},
  pages = {271--283},
  numpages = {13},
  url = {http://dl.acm.org/citation.cfm?id=3323234.3323258},
  acmid = {3323258},
  publisher = {USENIX Association},
  address = {Berkeley, CA, USA},
}

@inproceedings{wang2017fm,
  title={FM Backscatter: Enabling Connected Cities and Smart Fabrics},
  author={Wang, Anran and Iyer, Vikram and Talla, Vamsi and Smith, Joshua R and Gollakota, Shyamnath},
  booktitle={NSDI},
  pages={243--258},
  year={2017}
}

@inproceedings{iyer2016inter,
  title={Inter-technology Backscatter: Towards Internet Connectivity for Implanted Devices},
  author={Iyer, Vikram and Talla, Vamsi and Kellogg, Bryce and Gollakota, Shyamnath and Smith, Joshua},
  booktitle={SIGCOMM},
  year={2016}
}

@inproceedings{kellogg2016passive,
  title={Passive Wi-Fi: Bringing Low Power to Wi-Fi Transmissions},
  author={Kellogg, Bryce and Talla, Vamsi and Gollakota, Shyamnath and Smith, Joshua R},
  booktitle={NSDI},
  year={2016}
}

@inproceedings{kellogg2014wi,
  title={Wi-Fi Backscatter: Internet Connectivity for RF-Powered Devices},
  author={Kellogg, Bryce and Parks, Aaron and Gollakota, Shyamnath and Smith, Joshua R and Wetherall, David},
  booktitle={SIGCOMM},
  year={2014}
}

@article{parks2015turbocharging,
  title={Turbocharging Ambient Backscatter Communication},
  author={Parks, Aaron N and Liu, Angli and Gollakota, Shyamnath and Smith, Joshua R.},
  journal={SIGCOMM},
  year={2015}
}

@inproceedings{liu2013ambient,
  title={Ambient Backscatter: Wireless Communication Out of Thin Air},
  author={Liu, Vincent and Parks, Aaron and Talla, Vamsi and Gollakota, Shyamnath and Wetherall, David and Smith, Joshua R},
  booktitle={SIGCOMM},
  year={2013}
}

@inproceedings{zhang2016enabling,
  title={Enabling Practical Backscatter Communication for On-Body Sensors},
  author={Zhang, Pengyu and Rostami, Mohammad and Hu, Pan and Ganesan, Deepak},
  booktitle={SIGCOMM},
  year={2016}
}

@inproceedings{zhang2016hitchhike,
  title={Hitchhike: Practical Backscatter Using Commodity WiFi},
  author={Zhang, Pengyu and Bharadia, Dinesh and Joshi, Kiran and Katti, Sachin},
  booktitle={SENSYS},
  year={2016}
}

@misc{stormpetrelnests,
    title = {Seabirds at Great Duck Island},
    author = {{College of the Atlantic}},
    howpublished = {\url{https://www.coa.edu/islands/great-duck-island/seabirds-at-gdi/}},
    year = {2018},
}

@misc{hospitalbed,
    title = {MO Hospital Profiles By County},
    author = {{Missouri Department of Health and Senior Services}},
    howpublished = {\url{https://health.mo.gov/safety/healthservregs/pdf/MOhospbyCounty.pdf}},
    year = {2018},
    month = {July},
}

@misc{treedensity,
    title = {Del Norte Coast Redwoods},
    author = {{National Park Service}},
    howpublished = {\url{https://www.parks.ca.gov/pages/414/files/DelNorteSPFinalWebLayout2015.pdf}},
    year = {2015},
}

@misc{kenyazebra,
    title = {The IUCN Red List of Threatened Species},
    subtitle = {Grevy's Zebra},
    author = {Moehlman, P.D. and Rubenstein, D.I. and Kebede, F.},
    howpublished = {\url{http://www.iucnredlist.org/details/7950/0\#sectionPopulation}},
    year = {2015},
}

@misc{farmwashington,
    title = {2012 Census of Agriculture},
    subtitle = {State Data},
    author = {{USDA National Agricultural Statistics Service}},
    howpublished = {\url{https://www.agcensus.usda.gov/Publications/2012/Full_Report/Volume_1,_Chapter_2_US_State_Level/st99_2_001_001.pdf}},
    year = {2012},
}

@misc{highschooldensity,
    title = {Demographic Analyses and Enrollment Forecasts for the San Francisco Unified School District},
    author = {{Lapkoff and Gobalet Demographic Research Inc.}},
    howpublished = {\url{https://www.sfusd.edu/en/assets/sfusd-staff/enroll/files/DemographicReport3182010.pdf}},
    year = {2010},
    month = {March},
}

@inproceedings{ginzburg2007performance,
  title={Performance Analysis of A-MPDU and A-MSDU Aggregation in IEEE 802.11n},
  author={Ginzburg, Boris and Kesselman, Alex},
  booktitle={Sarnoff symposium, 2007 IEEE},
  pages={1--5},
  year={2007},
  organization={IEEE}
}

@misc{sigfox,
  title={Sigfox Connected Objects: Radio Specifications},
  author={Sigfox},
  year={2019},
  note={Revision\,1.3}
}


@misc{lorawan,
  title={{LoRaWAN} 1.1 Specification},
  author={{LoRa Alliance}},
  year={2017},
}

@article{weightless,
  title={Weightless-P System Specification},
  author={{Weightless SIG}},
  year={2015}
}

@misc{sunset3g,
    title = {Transitioning your IoT Environment to 4G LTE},
    author = {{Verizon Enterprise}},
    year = {2018},
    month = {July},
    howpublished = {\url{http://www.verizonenterprise.com/products/internet-of-things/4g-lte-iot/next-gen/\#ps-overlay}},
}

@misc{attltem,
    title = {LTE-M Network Solutions},
    author = {{AT\&T Business}},
    year = {2018},
    howpublished = {\url{https://www.business.att.com/solutions/Service/internet-of-things/networks/lte-m/}},
}

@misc{tmobilenbiot,
    title = {T-Mobile Launches Nation's First Plan for Narrowband IoT},
    author = {{T-Mobile Newsroom}},
    year = {2018},
    month = {January},
    howpublished = {\url{https://www.t-mobile.com/news/narrowband-iot}},
}

@inproceedings{abramson1970aloha,
  title={The ALOHA System: Another Alternative for Computer Communications},
  author={Abramson, Norman},
  booktitle={Proceedings of the November 17-19, 1970, Fall Joint Computer Conference},
  pages={281--285},
  year={1970},
  organization={ACM}
}

@article{shafiq2012first,
  title={A First Look at Cellular Machine-to-Machine Traffic: Large Scale Measurement and Characterization},
  author={Shafiq, Muhammad Zubair and Ji, Lusheng and Liu, Alex X and Pang, Jeffrey and Wang, Jia},
  journal={ACM SIGMETRICS Performance Evaluation Review},
  volume={40},
  number={1},
  pages={65--76},
  year={2012},
  publisher={ACM}
}

@misc{imt2020-requirements,
  title={Minimum Requirements Related to Technical Performance for {IMT-2020} Radio Interface(s)},
  author={{ITU-R}},
  year={2017},
  month={November}
}

@misc{imt2020-guidelines,
  title={Guidelines for Evaluation of Radio Interface Technologies for {IMT-2020}},
  author={{ITU-R}},
  year={2017},
  month={October}
}

@article{ituPathLoss,
  title={Propagation Data and Prediction Methods for the Planning of Indoor Radiocommunication Systems and Radio Local Area Networks in the Frequency range 900 MHz to 100 GHz},
  author={{ITU-R}},
  year={2012},
  series={ITU-R Recommenations}
}

@inproceedings{marcelis2017dare,
  title={{DaRe}: Data Recovery Through Application Layer Coding for {LoRaWAN}},
  author={Marcelis, Paul J. and Rao, Vijay S. and Prasad, R. Venkatesha},
  booktitle={2017 IEEE/ACM Second International Conference on Internet-of-Things Design and Implementation},
  series={IoTDI'17},
  pages={97--108},
  year={2017},
  organization={IEEE}
}

@inproceedings{dongare2018charm,
  title={Charm: Exploiting Geographical Diversity Through Coherent Combining in Low-Power Wide-Area Networks},
  author={Dongare, Adwait and Narayanan, Revathy and Gadre, Akshay and Luong, Anh and Balanuta, Artur and Kumar, Swarun and Iannucci, Bob and Rowe, Anthony},
  booktitle={2018 17th ACM/IEEE International Conference on Information Processing in Sensor Networks (IPSN)},
  pages={60--71},
  year={2018},
  organization={IEEE}
}

@misc{paisux,
  title={Promoting Unlicensed Use of the 6\,GHz Band},
  author={{Federal Communications Commission}},
  note={Public Draft},
  year={2018},
  month={October}
}

@misc{fcc-tv,
  title={In the Matter of Unlicensed Operation in the TV Broadcast Bands, Additional Spectrum for Unlicensed Devices Below 900 MHz and in the 3 GHz Band},
  author={{Federal Communications Commission}},
  note={Report and Order, FCC-08-260},
  year={2008},
  month={November}
}

@article{hessar2015capacity,
  title={Capacity Considerations for Secondary Networks in TV White Space},
  author={Hessar, Farzad and Roy, Sumit},
  journal={IEEE Transactions on Mobile Computing},
  volume={14},
  number={9},
  pages={1780--1793},
  year={2015},
  publisher={IEEE},
}

@inproceedings{saifullah2016snow,
  title={SNOW: Sensor Network Over White Spaces},
  author={Saifullah, Abusayeed and Rahman, Mahbubur and Ismail, Dali and Lu, Chenyang and Chandra, Ranveer and Liu, Jie},
  booktitle={Proceedings of the 14th ACM Conference on Embedded Network Sensor Systems CD-ROM},
  pages={272--285},
  year={2016},
  organization={ACM}
}

@inproceedings{eletreby2017empowering,
  title={Empowering Low-Power Wide Area Networks in Urban Settings},
  author={Eletreby, Rashad and Zhang, Diana and Kumar, Swarun and Ya{\u{g}}an, Osman},
  booktitle={Proceedings of the Conference of the ACM Special Interest Group on Data Communication},
  series={SIGCOMM'17},
  pages={309--321},
  year={2017},
  organization={ACM}
}

@inproceedings{polonelli2018slotted,
  title={Slotted ALOHA Overlay on LoRaWAN-A Distributed Synchronization Approach},
  author={Polonelli, Tommaso and Brunelli, Davide and Benini, Luca},
  booktitle={2018 IEEE 16th International Conference on Embedded and Ubiquitous Computing (EUC)},
  pages={129--132},
  year={2018},
  organization={IEEE}
}

@inproceedings{trub2018increasing,
  title={Increasing Throughput and Efficiency of LoRaWAN Class A},
  author={Tr{\"u}b, Roman and Thiele, Lothar},
  booktitle={UBICOMM 2018},
  pages={54--64},
  year={2018},
  organization={ThinkMind}
}

@inproceedings{bor2016lora,
  title={Do LoRa Low-Power Wide-Area Networks Scale?},
  author={Bor, Martin C. and Roedig, Utz and Voigt, Thiemo and Alonso, Juan M.},
  booktitle={Proceedings of the 19th ACM International Conference on Modeling, Analysis and Simulation of Wireless and Mobile Systems},
  pages={59--67},
  year={2016},
  organization={ACM}
}

@article{de2017sub,
  title={Sub-GHz LPWAN Network Coexistence, Management and Virtualization: An Overview and Open Research Challenges},
  author={De Poorter, Eli and Hoebeke, Jeroen and Strobbe, Matthias and Moerman, Ingrid and Latr{\'e}, Steven and Weyn, Maarten and Lannoo, Bart and Famaey, Jeroen},
  journal={Wireless Personal Communications},
  volume={95},
  number={1},
  pages={187--213},
  year={2017},
  publisher={Springer}
}

@article{ruckebusch2017wishful,
  title={Wishful: Enabling Coordination Solutions for Managing Heterogeneous Wireless Networks},
  author={Ruckebusch, Peter and Giannoulis, Spilios and Garlisi, Domenico and Gallo, Pierluigi and Gawlowicz, Piotr and Zubow, Anatolij and Chwalisz, Mikoaj and De Poorter, Eli and Moerman, Ingrid and Tinnirello, Ilenia and others},
  journal={IEEE Communications Magazine},
  volume={55},
  number={9},
  pages={118--125},
  year={2017},
  publisher={IEEE}
}

@article{nakamura2013trends,
  title={Trends in Small Cell Enhancements in LTE Advanced},
  author={Nakamura, Takehiro and Nagata, Satoshi and Benjebbour, Anass and Kishiyama, Yoshihisa and Hai, Tang and Xiaodong, Shen and Ning, Yang and Nan, Li},
  journal={IEEE Communications Magazine},
  volume={51},
  number={2},
  pages={98--105},
  year={2013},
  publisher={IEEE}
}

@misc{cleanpowersf,
  title={{CleanPowerSF} tripiling households served with municipal electricity},
  author={Dominic Fracassa},
  year={2019},
  month={February},
  howpublished = {\url{https://www.sfchronicle.com/bayarea/article/CleanPowerSF-tripling-households-served-with-13618155.php}}
}

@misc{pge-epic,
  title={{EPIC 1.14} - Next Generation SmartMeter Telecom Network Functionalities},
  author={{Pacific Gas and Electric Company}},
  year={2016},
  month={November}
}

@article{van2017scalability,
  title={Scalability Analysis of Large-Scale LoRaWAN Networks in NS-3},
  author={Van den Abeele, Floris and Haxhibeqiri, Jetmir and Moerman, Ingrid and Hoebeke, Jeroen},
  journal={IEEE Internet of Things Journal},
  volume={4},
  number={6},
  pages={2186--2198},
  year={2017},
  publisher={IEEE}
}

@inproceedings{vejlgaard2017interference,
  title={Interference Impact on Coverage and Capacity for Low Power Wide Area IoT Networks},
  author={Vejlgaard, Benny and Lauridsen, Mads and Nguyen, Huan and Kov{\'a}cs, Istv{\'a}n Z and Mogensen, Preben and Sorensen, Mads},
  booktitle={2017 IEEE Wireless Communications and Networking Conference (WCNC)},
  pages={1--6},
  year={2017},
  organization={IEEE}
}

@inproceedings{ismail2018low,
  title={Low-power Wide-Area Networks: Opportunities, Challenges, and Directions},
  author={Ismail, Dali and Rahman, Mahbubur and Saifullah, Abusayeed},
  booktitle={Proceedings of the Workshop Program of the 19th International Conference on Distributed Computing and Networking},
  pages={8},
  year={2018},
  organization={ACM}
}

@article{raza2017low,
  title={Low Power Wide Area Networks: An Overview},
  author={Raza, Usman and Kulkarni, Parag and Sooriyabandara, Mahesh},
  journal={IEEE Communications Surveys \& Tutorials},
  volume={19},
  number={2},
  pages={855--873},
  year={2017},
  publisher={IEEE}
}

@inproceedings{krupka2016issue,
  title={The Issue of LPWAN Technology Coexistence in IoT Environment},
  author={Krupka, Lukas and Vojtech, Lukas and Neruda, Marek},
  booktitle={2016 17th International Conference on Mechatronics-Mechatronika (ME)},
  pages={1--8},
  year={2016},
  organization={IEEE}
}

@misc{samsara-dauber,
  title={Samsara for Construction},
  author={{Samsara}},
  year={2019}
}

@misc{nest,
  title={{Nest Create a Connected Home}},
  author={Nest},
  year = {2019},
}

@inproceedings{iyer2019living,
  author  = {Vikram Iyer and Rajalakshmi Nandakumar and Anran Wang and Sawyer B. Fuller and Shyamnath Gollakota},
  title     = {Living IoT: {A} Flying Wireless Platform on Live Insects},
  year      = {2019},
  booktitle = {To appear in Mobicom},
}

@INPROCEEDINGS{jiang2005perpetual,
  author={Jiang, Xiaofan and Polastre, Joseph and Culler, David},
  booktitle={Fourth International Symposium on Information Processing in Sensor Networks},
  series={IPSN'05},
  title={Perpetual Environmentally Powered Sensor Networks},
  year={2005},
  month={April},
  pages={463-468},
}

@inproceedings{lee13modular,
  title = {A Modular 1\,mm$^3$ Die-Stacked Sensing Platform with Low Power {I}$^2${C} Inter-die Communication and Multi-Modal Energy Harvesting},
  booktitle = {IEEE Journal of Solid-State Circuits},
  year = {2013},
  author = {Lee, Yoonmyung and Bang, Suyoung and Lee, Inhee and Kim, Yejoong and Kim, Gyouho and Ghaed, Mohammad Hassan and Pannuto, Pat and Dutta, Prabal and Sylvester, Dennis and Blaauw, David},
  volume={48},
  pages={229-243},
}

@inproceedings{streamscope16nsdi,
 author = {Lin, Wei and Fan, Haochuan and Qian, Zhengping and Xu, Junwei and Yang, Sen and Zhou, Jingren and Zhou, Lidong},
 title = {{StreamScope}: Continuous Reliable Distributed Processing of Big Data Streams},
 booktitle = {Proceedings of the 13th Usenix Conference on Networked Systems Design and Implementation},
 series = {NSDI'16},
 year = {2016},
 isbn = {978-1-931971-29-4},
 address = {Santa Clara, CA},
 pages = {439--453},
 url = {https://www.usenix.org/conference/nsdi16/technical-sessions/presentation/lin},
 publisher = {{USENIX} Association},
}

@article{carstream17vldb,
 author = {Zhang, Mingming and Wo, Tianyu and Xie, Tao and Lin, Xuelian and Liu, Yaxiao},
 title = {CarStream: An Industrial System of Big Data Processing for Internet-of-vehicles},
 journal = {Proceedings of the VLDB Endowment},
 year = {2017},
 publisher = {VLDB Endowment},
 volume = {10},
 number = {12},
 month = {8},
 issn = {2150-8097},
 pages = {1766--1777},
 numpages = {12},
 url = {https://doi.org/10.14778/3137765.3137781},
 doi = {10.14778/3137765.3137781},
 acmid = {3137781},
}

@inproceedings{jorke2018power,
  title={Power Consumption Analysis of NB-IoT and eMTC in Challenging Smart City Environments},
  author={J{\"o}rke, Pascal and Falkenberg, Robert and Wietfeld, Christian},
  booktitle={2018 IEEE Globecom Workshops},
  pages={1--6},
  year={2018},
  organization={IEEE}
}

